@Article{hochreiter_schmidhuber_1997, 
	title={Long Short-Term Memory}, 
	volume={9}, 
	url={http://www.mitpressjournals.org/doi/abs/10.1162/neco.1997.9.8.1735#.WOagHIgrJEY}, 
	number={8}, 
	journal={Neural Computation}, 
	author={Hochreiter, S. and Schmidhuber, J.}, 
	year={1997}, 
	month={Nov}, 
	pages={1735–1780}
}

@article{malkiel_2003, 
	title={The Effcient Market Hypothesis and Its Critics}, 
	volume={17}, 
	url={https://www.princeton.edu/ceps/workingpapers/91malkiel.pdf}, 
	number={1}, 
	journal={Journal of Economic Perspectives}, 
	author={Malkiel, Burton G}, 
	year={2003}, 
	pages={59–82}
}
